@INPROCEEDINGS{2004Swam,
   author = {{Swam}, M.~S. and {Lubow}, S. and {Hurt}, L.},
    title = "{The HST BestRef System - Determining the proper calibration reference files for an HST exposure}",
booktitle = {Astronomical Data Analysis Software and Systems (ADASS) XIII},
     year = 2004,
   series = {Astronomical Society of the Pacific Conference Series},
   volume = 314,
   editor = {{Ochsenbein}, F. and {Allen}, M.~G. and {Egret}, D.},
    month = jul,
    pages = {824},
   adsurl = {http://adsabs.harvard.edu/abs/2004ASPC..314..824S},
  adsnote = {Provided by the SAO/NASA Astrophysics Data System}
}
@INPROCEEDINGS{1994Cox,
   author = {{Cox}, C. and {Tullos}, C.},
    title = "{The Calibration Data Base for the HST}",
booktitle = {Calibrating Hubble Space Telescope},
     year = 1994,
   editor = {{Blades}, J.~C. and {Osmer}, S.~J.},
    pages = {407},
   adsurl = {http://adsabs.harvard.edu/abs/1994chst.conf..407C},
  adsnote = {Provided by the SAO/NASA Astrophysics Data System}
}

@INPROCEEDINGS{1998Cox,
   author = {{Cox}, C.~R. and {Lubow}, S. and {Tullos}, C.},
    title = "{New design for the Hubble Space Telescope calibration database}",
booktitle = {Observatory Operations to Optimize Scientific Return},
     year = 1998,
   series = {Society of Photo-Optical Instrumentation Engineers (SPIE) Conference Series},
   volume = 3349,
   editor = {{Quinn}, P.~J.},
    month = jul,
    pages = {218-223},
   adsurl = {http://adsabs.harvard.edu/abs/1998SPIE.3349..218C},
  adsnote = {Provided by the SAO/NASA Astrophysics Data System}
}

@INPROCEEDINGS{1997Lubow,
   author = {{Lubow}, S.},
    title = "{New Calibration Systems Projects at STScI}",
booktitle = {The 1997 HST Calibration Workshop with a New Generation of Instruments},
     year = 1997,
   editor = {{Casertano}, S. and {Jedrzejewski}, R. and {Keyes}, T. and {Stevens}, M.
  },
    pages = {513},
   adsurl = {http://adsabs.harvard.edu/abs/1997hstc.work..513L},
  adsnote = {Provided by the SAO/NASA Astrophysics Data System}
}
@Misc{1997hstinternal,
  author =       {{Lubow}, S. and {Cox}, C. and {Hurt}, L. and {Simon}, B.},
  title =        "{Redesign of CDBS}",
  howpublished =
                  {http://www.stsci.edu/hst/observatory/crds/documents/redesign.pdf},
  year =         1997
}

@Misc{sha1ref,
 author = {Eastlake,3rd, D. and Jones, P.},
 title = {US Secure Hash Algorithm 1 (SHA1)},
 year = {2001},
 publisher = {RFC Editor},
 address = {United States},
}

@TechReport{JSONSchemaCore,
  author =       {K. Zyp and G. Court},
  title =        {{JSON Schema: core definitions and terminology}},
  howpublished = {Internet Requests for Comments},
  publisher =    {Internet Engineering Task Force},
  editor =       {F. Galiegue},
  url =          {http://tools.ietf.org/html/draft-zyp-json-schema-04},
  year =         {2013},
  note =         {Work in progress},
}

@Misc{JSONSchemaValidation,
  author =       {K. Zyp and G. Court},
  title =        {{JSON Schema: interactive and non interactive validation}},
  howpublished = {Internet Requests for Comments},
  publisher =    {Internet Engineering Task Force},
  editor =       {F. Galiegue},
  url = {http://tools.ietf.org/html/draft-fge-json-schema-validation-00},
  year =         {2013},
  note =         {Work in progress},
}

@Misc{JSONHyperSchema,
  author =       {K. Zyp and G. Court},
  title =        {{JSON Hyper-Schema: Hypertext definitions for JSON Schema}},
  howpublished = {Internet Requests for Comments},
  publisher =    {Internet Engineering Task Force},
  editor =       {G. Luff},
  url = {http://tools.ietf.org/html/draft-luff-json-hyper-schema-00},
  year =         {2013},
  note =         {Work in progress},
}

@Misc{JSONSchemaGuide,
  author =       {Michael Droettboom},
  title =        {{Understanding JSON Schema}},
  url = {{http://spacetelescope.github.io/understanding-json-schema/}},
  year =         2015,
}

@techreport{JSON,
  author = {T. Bray},
  title = {JavaScript Object Notation (JSON) Data Interchange Format},
  howpublished = {Internet Requests for Comments},
  type = {RFC},
  number = {7159},
  year = {2014},
  month = {March},
  issn = {2070-1721},
  url = {http://www.rfc-editor.org/rfc/rfc7159.txt},
}
@ARTICLE{2010FITS,
  author =       {{Pence}, W.~D. and {Chiappetti}, L. and {Page},
                  C.~G. and {Shaw}, R.~A. and {Stobie}, E.},
  title =        "{Definition of the Flexible Image Transport System
                  (FITS), version 3.0}",
  journal =      {\aap},
  keywords =     {instrumentation: miscellaneous, methods:
                  miscellaneous, techniques: miscellaneous, reference
                  systems, standards, astronomical databases:
                  miscellaneous},
  year =         2010,
  month =        dec,
  volume =       524,
  eid =          {A42},
  pages =        {A42},
  doi =          {10.1051/0004-6361/201015362},
  adsurl =       {http://adsabs.harvard.edu/abs/2010A%26A...524A..42P},
  adsnote =      {Provided by the SAO/NASA Astrophysics Data System}
}
@ARTICLE{2015ASDF,
   author = {{Greenfield}, P. and {Droettboom}, M. and {Bray}, E.},
    title = "{ASDF: A new data format for astronomy}",
  journal = {Astronomy and Computing},
 keywords = {FITS, File formats, Standards, World coordinate system},
     year = 2015,
    month = sep,
   volume = 12,
    pages = {240-251},
      doi = {10.1016/j.ascom.2015.06.004},
   adsurl = {http://adsabs.harvard.edu/abs/2015A%26C....12..240G},
  adsnote = {Provided by the SAO/NASA Astrophysics Data System}
}

@INPROCEEDINGS{2006SPIE.6270E..1XG,
   author = {{Graessle}, D.~E. and {Evans}, I.~N. and {Glotfelty}, K. and 
  {He}, X.~H. and {Evans}, J.~D. and {Rots}, A.~H. and {Fabbiano}, G. and 
  {Brissenden}, R.~J.},
    title = "{The Chandra X-ray Observatory calibration database (CalDB): building, planning, and improving}",
booktitle = {Society of Photo-Optical Instrumentation Engineers (SPIE) Conference Series},
     year = 2006,
   series = {Society of Photo-Optical Instrumentation Engineers (SPIE) Conference Series},
   volume = 6270,
    month = jun,
      eid = {62701X},
    pages = {62701X},
      doi = {10.1117/12.672876},
   adsurl = {http://adsabs.harvard.edu/abs/2006SPIE.6270E..1XG},
  adsnote = {Provided by the SAO/NASA Astrophysics Data System}
}

@INPROCEEDINGS{2005ASPC..347..594L,
   author = {{Lee}, W. and {Laher}, R. and {Fowler}, J.~W. and {Masci}, F.~J. and 
  {Moshir}, M.},
    title = "{Caltrans Keeps the Spitzer Pipelines Moving}",
booktitle = {Astronomical Data Analysis Software and Systems XIV},
     year = 2005,
   series = {Astronomical Society of the Pacific Conference Series},
   volume = 347,
   editor = {{Shopbell}, P. and {Britton}, M. and {Ebert}, R.},
    month = dec,
    pages = {594},
   adsurl = {http://adsabs.harvard.edu/abs/2005ASPC..347..594L},
  adsnote = {Provided by the SAO/NASA Astrophysics Data System}
}